%% Created using Papers on Mon, 01 Aug 2016.
%% http://papersapp.com/papers/

@article{bhv,
author = {Billera, Louis J and Holmes, Susan P and Vogtmann, Karen},
title = {{Geometry of the space of phylogenetic trees}},
journal = {Advances in Applied Mathematics},
year = {2001},
volume = {27},
number = {4},
pages = {733--767}
}
